<record><leader>00000cas a22000007a 4500</leader><controlfield tag="001">11328282</controlfield><controlfield tag="008">841030d19461962mtuwr ne      0    0eng d</controlfield><datafield ind1=" " ind2=" " tag="010"><subfield code="a">sn 84036216 </subfield></datafield><datafield ind1=" " ind2=" " tag="040"><subfield code="a">MTL</subfield><subfield code="b">eng</subfield><subfield code="c">MTL</subfield><subfield code="d">OCLCQ</subfield></datafield><datafield ind1=" " ind2=" " tag="042"><subfield code="a">msc</subfield></datafield><datafield ind1="0" ind2="4" tag="245"><subfield code="a">The Argus-farmer.</subfield></datafield><datafield ind1=" " ind2=" " tag="260"><subfield code="a">Lewistown, Mont. :</subfield><subfield code="b">Fergus County Argus Inc.,</subfield><subfield code="c">1946-1962.</subfield></datafield><datafield ind1=" " ind2=" " tag="300"><subfield code="a">15 v. :</subfield><subfield code="b">ill. ;</subfield><subfield code="c">43-57 cm.</subfield></datafield><datafield ind1=" " ind2=" " tag="310"><subfield code="a">Weekly</subfield></datafield><datafield ind1="0" ind2=" " tag="362"><subfield code="a">64th year, no. 9 (Sept. 19, 1946)-v. 79, no. 52 (Dec. 27, 1962).</subfield></datafield><datafield ind1=" " ind2=" " tag="752"><subfield code="a">United States</subfield><subfield code="b">Montana</subfield><subfield code="c">Fergus</subfield><subfield code="d">Lewistown.</subfield></datafield><datafield ind1="0" ind2="4" tag="780"><subfield code="t">Fergus County argus</subfield><subfield code="w">(DLC)sn 84036228</subfield></datafield><datafield ind1="0" ind2="4" tag="780"><subfield code="t">Judith Basin farmer</subfield><subfield code="w">(DLC)sn 84036221</subfield></datafield></record>